% remember to follow this format guideline when referencing online articles!
@Misc{golang,
    Author = "Google",
    Title = "\emph{Go}",
    Note = "\url{https://go.dev/}",
}

@Misc{whyusego,
    Author = "Victor Osadchiy",
    Title = "\emph{Why use Go)}",
    Note = "\url{https://yalantis.com/blog/why-use-go/}
            [Accessed: 22/05/2022]",
    year = 2022,
}

@Misc{gin,
    Author = "GitHub",
    Title = "\emph{Gin Web Framework)}",
    Note = "\url{https://github.com/gin-gonic/gin#gin-web-framework}
            [Accessed: 25/05/2022]",
    year = 2022,
}

@Misc{digitalOcean,
    Title = "\emph{DigitalOcean}",
    Note = "\url{https://www.digitalocean.com/}",
    year = 2022,
}

@Misc{vagrant,
    Author = "HashiCorp",
    Title = "\emph{Vagrant}",
    Note = "\url{https://www.vagrantup.com/}",
}

@Misc{githubActions,
    Author = "GitHub",
    Title = "\emph{Automate your workflow from idea to production}",
    Note = "\url{https://github.com/features/actions}",
    year = 2022,
}

@Misc{gorm,
    Author = "Jinzhu",
    Title = "\emph{The fantastic ORM library for Golang}",
    Note = "\url{https://gorm.io/}",
    year = 2022,
}

@Misc{dockerSwarm,
    Author = "Docker Inc.",
    Title = "\emph{Swarm mode overview}",
    Note = "\url{https://docs.docker.com/engine/swarm/}",
}

@Misc{elkStack,
    Author = "Elasticsearch B.V.",
    Title = "\emph{What is the ELK Stack?}",
    Note = "\url{https://www.elastic.co/what-is/elk-stack}",
}

@Misc{prometheus,
    Author = "Prometheus, The Linux Foundation",
    Title = "\emph{From metrics to insight}",
    Note = "\url{https://prometheus.io/}",
    year = 2022,
}

@Misc{grafana,
    Author = "Grafana Labs",
    Title = "\emph{Grafana}",
    Note = "\url{https://grafana.com/}",
    year = 2022,
}

@Misc{bugsnag,
    Author = "SmartBear Software",
    Title = "\emph{Balance agility with stability}",
    Note = "\url{https://www.bugsnag.com/}",
    year = 2022,
}

@Misc{duckDNS,
    Author = "",
    Title = "\emph{Duck DNS}",
    Note = "\url{https://www.duckdns.org/}",
}

@book{Kleppmann17,
  title={Designing data-intensive applications: The big ideas behind reliable, scalable, and maintainable systems},
  author={Kleppmann, Martin},
  year={2017},
  publisher={" O'Reilly Media, Inc."}
}

@Misc{security,
    Author = "Group-N",
    Title = "\emph{Risk Identification and analysis}",
    Note = "\url{https://github.com/ITU-DevOps-N/go-minitwit/wiki/Security}
            [Accessed: 25/05/2022]",
    year = 2022,
}

@Misc{pen-test,
    Author = "Group-N",
    Title = "\emph{Pen-test}",
    Note = "\url{https://www.arachni-scanner.com/reports/report.html/#!/summary/charts}
            [Accessed: 30/05/2022]",
    year = 2022,
}


